@article{karkoschka2016seasonal,
  title={Seasonal variation of Titan’s haze at low and high altitudes from HST-STIS spectroscopy},
  author={Karkoschka, Erich},
  journal={Icarus},
  volume={270},
  pages={339--354},
  year={2016},
  publisher={Elsevier}
}
@article{kutsop2022titan,
  title={Titan Stratospheric Haze Bands Observed in Cassini VIMS as Tracers of Meridional Circulation},
  author={Kutsop, NW and Hayes, AG and Corlies, PM and Le Mou{\'e}lic, S and Lunine, JI and Nixon, CA and Rannou, P and Rodriguez, S and Roman, MT and Sotin, C and others},
  journal={The Planetary Science Journal},
  volume={3},
  number={5},
  pages={114},
  year={2022},
  publisher={IOP Publishing}
}

@article{tokano2007near,
  title={Near-surface winds at the Huygens site on Titan: interpretation by means of a general circulation model},
  author={Tokano, Tetsuya},
  journal={Planetary and Space Science},
  volume={55},
  number={13},
  pages={1990--2009},
  year={2007},
  publisher={Elsevier}
}
@article{lebonnois2014general,
  title={The general circulation of Titan's lower and middle atmosphere},
  author={Lebonnois, S{\'e}bastien and Flasar, F Michael and Tokano, Tetsuya and Newman, CE},
  journal={Titan},
  pages={122},
  year={2014}
}
@article{robinson2014titan,
  title={Titan solar occultation observations reveal transit spectra of a hazy world},
  author={Robinson, Tyler D and Maltagliati, Luca and Marley, Mark S and Fortney, Jonathan J},
  journal={Proceedings of the National Academy of Sciences},
  volume={111},
  number={25},
  pages={9042--9047},
  year={2014},
  publisher={National Acad Sciences}
}
@article{rannou2002wind,
  title={A wind origin for Titan's haze structure},
  author={Rannou, Pascal and Hourdin, F and McKay, CP},
  journal={Nature},
  volume={418},
  number={6900},
  pages={853--856},
  year={2002},
  publisher={Nature Publishing Group}
}

@article{seignovert2021haze,
  title={Haze seasonal variations of Titan’s upper atmosphere during the Cassini Mission},
  author={Seignovert, Beno{\^\i}t and Rannou, Pascal and West, Robert A and Vinatier, Sandrine},
  journal={The Astrophysical Journal},
  volume={907},
  number={1},
  pages={36},
  year={2021},
  publisher={IOP Publishing}
}
@article{brown2004cassini,
  title={The Cassini visual and infrared mapping spectrometer (VIMS) investigation},
  author={Brown, Robert H and Baines, Kevin H and Bellucci, G and Bibring, J-P and Buratti, Bonnie J and Capaccioni, F and Cerroni, P and Clark, Roger N and Coradini, Angioletta and Cruikshank, Dale P and others},
  journal={Space Science Reviews},
  volume={115},
  number={1},
  pages={111--168},
  year={2004},
  publisher={Springer}
}
@article{smith1982new,
  title={A new look at the Saturn system: The Voyager 2 images},
  author={Smith, Bradford A and Soderblom, Laurence and Batson, Raymond and Bridges, Patricia and Inge, JAY and Masursky, Harold and Shoemaker, Eugene and Beebe, Reta and Boyce, Joseph and Briggs, Geoffrey and others},
  journal={Science},
  volume={215},
  number={4532},
  pages={504--537},
  year={1982},
  publisher={American Association for the Advancement of Science}
}
@Book{brown2009titan,
  title={Titan from Cassini-Huygens},
  author={Brown, Robert H and Lebreton, Jean-Pierre and Waite, John H},
  year={2009},
  pages={351--372},
  publisher={Springer}
}
@article{lorenz2004seasonal,
  title={Seasonal change in Titan's haze 1992--2002 from Hubble Space Telescope observations},
  author={Lorenz, Ralph D and Smith, Peter H and Lemmon, Mark T},
  journal={Geophysical research letters},
  volume={31},
  number={10},
  year={2004},
  publisher={Wiley Online Library}
}
@article{lorenz2006seasonal,
  title={Seasonal evolution of Titan's dark polar hood: midsummer disappearance observed by the Hubble Space Telescope},
  author={Lorenz, Ralph D and Lemmon, Mark T and Smith, Peter H},
  journal={Monthly Notices of the Royal Astronomical Society},
  volume={369},
  number={4},
  pages={1683--1687},
  year={2006},
  publisher={Blackwell Publishing Ltd Oxford, UK}
}
@article{achterberg2008titan,
  title={Titan's middle-atmospheric temperatures and dynamics observed by the Cassini Composite Infrared Spectrometer},
  author={Achterberg, Richard K and Conrath, Barney J and Gierasch, Peter J and Flasar, F Michael and Nixon, Conor A},
  journal={Icarus},
  volume={194},
  number={1},
  pages={263--277},
  year={2008},
  publisher={Elsevier}
}
@article{achterberg2008titanb,
author = {Achterberg, Richard and Conrath, B. and Gierasch, Peter and Flasar, F. and Nixon, Conor},
year = {2008},
month = {10},
pages = {549-555},
title = {Observation of a tilt of Titan's middle-atmospheric superrotation},
volume = {197},
journal = {Icarus},
doi = {10.1016/j.icarus.2008.05.014}
}
@article{smith1981encounter,
  title={Encounter with Saturn: Voyager 1 imaging science results},
  author={Smith, Bradford A and Soderblom, Laurence and Beebe, Reta and Boyce, Joseph and Briggs, Geoffery and Bunker, Anne and Collins, Stewart A and Hansen, Candice J and Johnson, Torrence V and Mitchell, Jim L and others},
  journal={Science},
  volume={212},
  number={4491},
  pages={163--191},
  year={1981},
  publisher={American Association for the Advancement of Science}
}
@article{vixie2012mapping,
  title={Mapping Titan's surface features within the visible spectrum via Cassini VIMS},
  author={Vixie, Graham and Barnes, Jason W and Bow, Jacob and Le Mou{\'e}lic, St{\'e}phane and Rodriguez, S{\'e}bastien and Brown, Robert H and Cerroni, Priscilla and Tosi, Federico and Buratti, Bonnie and Sotin, Christophe and others},
  journal={Planetary and Space Science},
  volume={60},
  number={1},
  pages={52--61},
  year={2012},
  publisher={Elsevier}
}
@article{barnes2021science,
  title={Science goals and objectives for the Dragonfly Titan rotorcraft relocatable lander},
  author={Barnes, Jason W and Turtle, Elizabeth P and Trainer, Melissa G and Lorenz, Ralph D and MacKenzie, Shannon M and Brinckerhoff, William B and Cable, Morgan L and Ernst, Carolyn M and Freissinet, Caroline and Hand, Kevin P and others},
  journal={The Planetary Science Journal},
  volume={2},
  number={4},
  pages={130},
  year={2021},
  publisher={IOP Publishing}
}

@article{karkoschka2022titan,
  title={Titan's haze at opposite seasons from HST-STIS spectroscopy},
  author={Karkoschka, Erich},
  journal={Icarus},
  pages={115-188},
  year={2022},
  publisher={Elsevier}
}
@article{caldwell1992titan,
  title={Titan: Evidence for seasonal change—A comparison of Hubble Space Telescope and Voyager images},
  author={Caldwell, John and Cunningham, Cindy C and Anthony, David and White, H Peter and Groth, EJ and Hasan, H and Noll, K and Smith, PH and Tomasko, MG and Weaver, HA},
  journal={Icarus},
  volume={97},
  number={1},
  pages={1--9},
  year={1992},
  publisher={Elsevier}
}
@inproceedings{smith1992titan,
  title={Titan's North-South Asymmetry from HST Images},
  author={Smith, PH and Karkoschka, E and Lemmon, M},
  booktitle={Bulletin of the American Astronomical Society},
  volume={24},
  pages={950},
  year={1992}
}
@inproceedings{squyres1984voyager,
  title={Voyager imaging observations of Titan's atmosphere: I. Disk-resolved photometric properties},
  author={Squyres, SW and Thompson, WR and Sagan, C},
  booktitle={Bulletin of the American Astronomical Society},
  volume={16},
  pages={664},
  year={1984}
}
@article{lorenz1997titan,
  title={Titan's north--south asymmetry from HST and Voyager imaging: Comparison with models and ground-based photometry},
  author={Lorenz, Ralph D and Smith, Peter H and Lemmon, Mark T and Karkoschka, Erich and Lockwood, GW and Caldwell, John},
  journal={Icarus},
  volume={127},
  number={1},
  pages={173--189},
  year={1997},
  publisher={Elsevier}
}
@article{lorenz1999seasonal,
  title={Seasonal change on Titan observed with the Hubble Space Telescope WFPC-2},
  author={Lorenz, Ralph D and Lemmon, Mark T and Smith, Peter H and Lockwood, GW},
  journal={Icarus},
  volume={142},
  number={2},
  pages={391--401},
  year={1999},
  publisher={Elsevier}
}
@article{lorenz2001titan,
  title={Titan's smile and collar: HST observations of seasonal change 1994--2000},
  author={Lorenz, RD and Young, EF and Lemmon, MT},
  journal={Geophysical research letters},
  volume={28},
  number={23},
  pages={4453--4456},
  year={2001},
  publisher={Wiley Online Library}
}
@Article{Sromovsky1981,
author={Sromovsky, Lawrence A.
and Suomi, Verner E.
and Pollack, James B.
and Krauss, Robert J.
and Limaye, Sanjay S.
and Owen, Tobias
and Revercomb, Henry E.
and Sagan, Carl},
title={Implications of Titan's north--south brightness asymmetry},
journal={Nature},
year={1981},
month={Aug},
day={01},
volume={292},
number={5825},
}
@article{Horst2017,
author = {Hörst, S. M.},
title = {Titan's atmosphere and climate},
journal = {Journal of Geophysical Research: Planets},
volume = {122},
number = {3},
pages = {432-482},
keywords = {Titan, atmospheres},
doi = {https://doi.org/10.1002/2016JE005240},
url = {https://agupubs.onlinelibrary.wiley.com/doi/abs/10.1002/2016JE005240},
eprint = {https://agupubs.onlinelibrary.wiley.com/doi/pdf/10.1002/2016JE005240},
abstract = {Abstract Titan is the only moon with a substantial atmosphere, the only other thick N2 atmosphere besides Earth's, the site of extraordinarily complex atmospheric chemistry that far surpasses any other solar system atmosphere, and the only other solar system body with stable liquid currently on its surface. The connection between Titan's surface and atmosphere is also unique in our solar system; atmospheric chemistry produces materials that are deposited on the surface and subsequently altered by surface-atmosphere interactions such as aeolian and fluvial processes resulting in the formation of extensive dune fields and expansive lakes and seas. Titan's atmosphere is favorable for organic haze formation, which combined with the presence of some oxygen-bearing molecules indicates that Titan's atmosphere may produce molecules of prebiotic interest. The combination of organics and liquid, in the form of water in a subsurface ocean and methane/ethane in the surface lakes and seas, means that Titan may be the ideal place in the solar system to test ideas about habitability, prebiotic chemistry, and the ubiquity and diversity of life in the universe. The Cassini-Huygens mission to the Saturn system has provided a wealth of new information allowing for study of Titan as a complex system. Here I review our current understanding of Titan's atmosphere and climate forged from the powerful combination of Earth-based observations, remote sensing and in situ spacecraft measurements, laboratory experiments, and models. I conclude with some of our remaining unanswered questions as the incredible era of exploration with Cassini-Huygens comes to an end.},
year = {2017}
}
@article{lorenz2018dragonfly,
  title={Dragonfly: A rotorcraft lander concept for scientific exploration at Titan},
  author={Lorenz, Ralph D and Turtle, Elizabeth P and Barnes, Jason W and Trainer, Melissa G and Adams, Douglas S and Hibbard, Kenneth E and Sheldon, Colin Z and Zacny, Kris and Peplowski, Patrick N and Lawrence, David J and others},
  journal={Johns Hopkins APL Technical Digest},
  volume={34},
  number={3},
  pages={14},
  year={2018}
}
@article{Roman2009,
  title={Determining a tilt in Titan's north-south albedo asymmetry from Cassini images},
  author={Michael T. Roman and Robert A. West and Don Banfield and Peter J. Gierasch and Richard K. Achterberg and Conor A. Nixon and Peter C. Thomas},
  journal={Icarus},
  year={2009},
  volume={203},
  pages={242-249}
}
@article{hirtzig2006monitoring,
  title={Monitoring atmospheric phenomena on Titan},
  author={Hirtzig, Mathieu and Coustenis, Athena and Gendron, Eric and Drossart, Pierre and Negr{\~a}o, Alberto and Combes, Michel and Lai, Olivier and Rannou, Pascal and Lebonnois, S{\'e}bastien and Luz, David},
  journal={Astronomy \& Astrophysics},
  volume={456},
  number={2},
  pages={761--774},
  year={2006},
  publisher={EDP Sciences}
}
@article{hirtzig2009review,
  title={A review of Titan’s atmospheric phenomena},
  author={Hirtzig, Mathieu and Tokano, Tetsuya and Rodriguez, S{\'e}bastien and Le Mou{\'e}lic, St{\'e}phane and Sotin, Christophe},
  journal={The Astronomy and Astrophysics Review},
  volume={17},
  number={2},
  pages={105--147},
  year={2009},
  publisher={Springer}
}
@article{tomasko2005rain,
  title={Rain, winds and haze during the Huygens probe's descent to Titan's surface},
  author={Tomasko, Martin G and Archinal, B and Becker, T and B{\'e}zard, B and Bushroe, M and Combes, M and Cook, D and Coustenis, A and De Bergh, C and Dafoe, LE and others},
  journal={Nature},
  volume={438},
  number={7069},
  pages={765--778},
  year={2005},
  publisher={Nature Publishing Group}
}
@article{west2011evolution,
  title={The evolution of Titan's detached haze layer near equinox in 2009},
  author={West, Robert A and Balloch, Jonathan and Dumont, Philip and Lavvas, Panayotis and Lorenz, Ralph and Rannou, Pascal and Ray, Trina and Turtle, Elizabeth P},
  journal={Geophysical Research Letters},
  volume={38},
  number={6},
  year={2011},
  publisher={Wiley Online Library}
}
@article{newman2011stratospheric,
  title={Stratospheric superrotation in the TitanWRF model},
  author={Newman, Claire E and Lee, Christopher and Lian, Yuan and Richardson, Mark I and Toigo, Anthony D},
  journal={Icarus},
  volume={213},
  number={2},
  pages={636--654},
  year={2011},
  publisher={Elsevier}
}
@article{flasar1981titan,
  title={Titan's atmosphere: Temperature and dynamics},
  author={Flasar, FM and Samuelson, RE and Conrath, BJ},
  journal={Nature},
  volume={292},
  number={5825},
  pages={693--698},
  year={1981},
  publisher={Nature Publishing Group}
}
@article{flasar2005titan,
  title={Titan's atmospheric temperatures, winds, and composition},
  author={Flasar, FM and Achterberg, RK and Conrath, BJ and Gierasch, PJ and Kunde, VG and Nixon, CA and Bjoraker, GL and Jennings, DE and Romani, PN and Simon-Miller, AA and others},
  journal={Science},
  volume={308},
  number={5724},
  pages={975--978},
  year={2005},
  publisher={American Association for the Advancement of Science}
}
@article{achterberg2008observation,
  title={Observation of a tilt of Titan's middle-atmospheric superrotation},
  author={Achterberg, Richard K and Conrath, Barney J and Gierasch, Peter J and Flasar, F Michael and Nixon, Conor A},
  journal={Icarus},
  volume={197},
  number={2},
  pages={549--555},
  year={2008},
  publisher={Elsevier}
}
@article{bezard1995titan,
  title={Titan's stratospheric temperature asymmetry: a radiative origin?},
  author={B{\'e}zard, Bruno and Coustenis, Ath{\'e}na and McKay, Christopher P},
  journal={Icarus},
  volume={113},
  number={2},
  pages={267--276},
  year={1995},
  publisher={Elsevier}
}
@article{brown2001hubble,
  title={Hubble Space Telescope time-series photometry of the transiting planet of HD 209458},
  author={Brown, Timothy M and Charbonneau, David and Gilliland, Ronald L and Noyes, Robert W and Burrows, Adam},
  journal={The Astrophysical Journal},
  volume={552},
  number={2},
  pages={699},
  year={2001},
  publisher={IOP Publishing}
}
@article{gibbard1999titan,
  title={Titan: High-resolution speckle images from the Keck Telescope},
  author={Gibbard, SG and Macintosh, B and Gavel, D and Max, CE and De Pater, I and Ghez, AM and Young, EF and McKay, CP},
  journal={Icarus},
  volume={139},
  number={2},
  pages={189--201},
  year={1999},
  publisher={Elsevier}
}
@article{lora2015gcm,
  title={GCM simulations of Titan’s middle and lower atmosphere and comparison to observations},
  author={Lora, Juan M and Lunine, Jonathan I and Russell, Joellen L},
  journal={Icarus},
  volume={250},
  pages={516--528},
  year={2015},
  publisher={Elsevier}
}
@article{neilson2013spherically,
  title={Spherically-symmetric model stellar atmospheres and limb darkening-I. Limb-darkening laws, gravity-darkening coefficients and angular diameter corrections for red giant stars},
  author={Neilson, Hilding R and Lester, John B},
  journal={Astronomy \& Astrophysics},
  volume={554},
  pages={A98},
  year={2013},
  publisher={EDP Sciences}
}
@article{nichols2021tracking,
  title={Tracking short-term variations in the haze distribution of Titan’s atmosphere with SINFONI VLT},
  author={Nichols-Fleming, Fiona and Corlies, Paul and Hayes, Alexander G and {\'A}d{\'a}mkovics, M{\'a}t{\'e} and Rojo, Patricio and Rodriguez, Sebastien and Turtle, Elizabeth P and Lora, Juan M and Soderblom, Jason M},
  journal={The Planetary Science Journal},
  volume={2},
  number={5},
  pages={180},
  year={2021},
  publisher={IOP Publishing}
}
@article{nisenson1981radius,
  title={Radius and limb darkening of Titan from speckle imaging},
  author={Nisenson, P and Apt, J and Goody, R and Horowitz, P},
  journal={The Astronomical Journal},
  volume={86},
  pages={1690--1693},
  year={1981}
}
@article{young2002three,
  title={A three-dimensional map of Titan's tropospheric haze distribution based on Hubble Space Telescope imaging},
  author={Young, Eliot F and Rannou, Pascal and McKay, Christopher P and Griffith, Caitlin A and Noll, Keith},
  journal={The Astronomical Journal},
  volume={123},
  number={6},
  pages={3473},
  year={2002},
  publisher={IOP Publishing}
}
@article{kopal1950limb,
  title={Detailed effects of limb darkening upon light and velocity curves of close binary systems},
  author={Kopal, Zdenek},
  journal={Harvard College Observatory Circular, 454, pp. 1-12},
  volume={454},
  pages={1--12},
  year={1950}
}
